% !TeX root = status1.tex

@inproceedings{hkc,
    address = {New York, NY, USA},
    author = {Bonchi, Filippo and Pous, Damien},
    booktitle = {Proceedings of the 40th annual ACM SIGPLAN-SIGACT symposium on Principles of programming languages},
    pages = {457--468},
    publisher = {ACM},
    series = {POPL '13},
    title = {Checking NFA equivalence with bisimulations up to congruence},
    year = {2013}
},

@article{veanes,
  title={Minimization of Symbolic Automata},
  author={D'Antoni, Loris and Veanes, Margus},
  year={2014}
},

@inproceedings{veanes2,
  author    = {Margus Veanes and
               Peli de Halleux and
               Nikolai Tillmann},
  title     = {Rex: Symbolic Regular Expression Explorer},
  booktitle = {ICST},
  year      = {2010},
  pages     = {498-507}
},

@inproceedings{veanes3,
  author    = {Margus Veanes},
  title     = {Applications of Symbolic Finite Automata},
  booktitle = {CIAA},
  year      = {2013},
  pages     = {16-23}
}
